<?xml version="1.0" encoding="UTF-8"?><record xmlns="http://www.loc.gov/MARC21/slim" xmlns:cinclude="http://apache.org/cocoon/include/1.0" xmlns:zs="http://www.loc.gov/zing/srw/">
  <leader>01279cz  a2200217n  4500</leader>
  <controlfield tag="001">no2008132203</controlfield>
  <controlfield tag="003">DLC</controlfield>
  <controlfield tag="005">20151128073646.0</controlfield>
  <controlfield tag="008">080909n| azannaabn          |a aac     c</controlfield>
  <datafield tag="010" ind1=" " ind2=" ">
    <subfield code="a">no2008132203</subfield>
  </datafield>
  <datafield tag="035" ind1=" " ind2=" ">
    <subfield code="a">(OCoLC)oca07874590</subfield>
  </datafield>
  <datafield tag="040" ind1=" " ind2=" ">
    <subfield code="a">InU-Mu</subfield>
    <subfield code="b">eng</subfield>
    <subfield code="e">rda</subfield>
    <subfield code="c">InU-Mu</subfield>
    <subfield code="d">OOC</subfield>
  </datafield>
  <datafield tag="100" ind1="1" ind2=" ">
    <subfield code="a">Valʹter-Ki︠u︡ne, Ekaterina Adolʹfovna,</subfield>
    <subfield code="d">1870-1930.</subfield>
    <subfield code="t">Fantazii︠a︡ na temy opery P. Chaikovskogo Evgeniĭ Onegin</subfield>
  </datafield>
  <datafield tag="382" ind1="0" ind2=" ">
    <subfield code="a">pedal harp</subfield>
    <subfield code="n">1</subfield>
    <subfield code="s">1</subfield>
    <subfield code="2">lcmpt</subfield>
  </datafield>
  <datafield tag="400" ind1="1" ind2=" ">
    <subfield code="a">Valʹter-Ki︠u︡ne, Ekaterina Adolʹfovna,</subfield>
    <subfield code="d">1870-1930.</subfield>
    <subfield code="t">Fantaisie sur un thème de l'opera Eugene Onegin</subfield>
  </datafield>
  <datafield tag="400" ind1="1" ind2=" ">
    <subfield code="a">Valʹter-Ki︠u︡ne, Ekaterina Adolʹfovna,</subfield>
    <subfield code="d">1870-1930.</subfield>
    <subfield code="t">Fantasie on a theme from Tchaikovsky's opera Eugene Onegin</subfield>
  </datafield>
  <datafield tag="400" ind1="1" ind2=" ">
    <subfield code="a">Valʹter-Ki︠u︡ne, Ekaterina Adolʹfovna,</subfield>
    <subfield code="d">1870-1930.</subfield>
    <subfield code="t">Fantasie on Tchaikovsky's Eugene Onegin</subfield>
  </datafield>
  <datafield tag="500" ind1="1" ind2=" ">
    <subfield code="w">r</subfield>
    <subfield code="i">Based on (work):</subfield>
    <subfield code="a">Tchaikovsky, Peter Ilich,</subfield>
    <subfield code="d">1840-1893.</subfield>
    <subfield code="t">Evgeniĭ Onegin</subfield>
  </datafield>
  <datafield tag="670" ind1=" " ind2=" ">
    <subfield code="a">7th USA International Harp Competition [SR] 2007:</subfield>
    <subfield code="b">program (Fantaisie sur un thème de l'opera Eugene Onegin)</subfield>
  </datafield>
  <datafield tag="670" ind1=" " ind2=" ">
    <subfield code="a">Palkovic, M. Harp music bibliography, c1995:</subfield>
    <subfield code="b">p. 178 (Fantazii︠a︡ na temy opery P. Chaikovskogo Evgeniĭ Onegin)</subfield>
  </datafield>
  <datafield tag="670" ind1=" " ind2=" ">
    <subfield code="a">OCLC record no. 38123720, Sept. 8, 2008</subfield>
    <subfield code="b">(Fantasie on a theme from Tchaikovsky's opera Eugene Onegin)</subfield>
  </datafield>
</record>